@inproceedings{Jain14,
  author    = {Mihir Jain and
               Jan van Gemert and
               Cees G. M. Snoek},
  title     = {University of Amsterdam at THUMOS Challenge 2014},
  booktitle = {THUMOS14 Action Recognition Challenge},
  year      = {2014},
}

@inproceedings{Oneata14,
  author    = {Dan Oneata and
               Jakob Verbeek and
               Cordelia Schmid},
  title     = {The LEAR submission at Thumos 2014},
  booktitle = {THUMOS14 Action Recognition Challenge},
  year      = {2014},
}

@inproceedings{Wang14,
  author    = {Limin Wang and
               Yu Qiao and
               Xiaoou Tang},
  title     = {Action Recognition and Detection by Combining Motion and Appearance Features},
  booktitle = {THUMOS14 Action Recognition Challenge},
  year      = {2014},
}


@article{PengWWQ14,
  author    = {Xiaojiang Peng and
               Limin Wang and
               Xingxing Wang and
               Yu Qiao},
  title     = {Bag of Visual Words and Fusion Methods for Action Recognition:
               Comprehensive Study and Good Practice},
  journal   = {CoRR},
  volume    = {abs/1405.4506},
  year      = {2014},
  ee        = {http://arxiv.org/abs/1405.4506},
  bibsource = {DBLP, http://dblp.uni-trier.de}
}


@inproceedings{WangQT13a,
  author    = {Limin Wang and
               Yu Qiao and
               Xiaoou Tang},
  title     = {Motionlets: Mid-Level 3{D} Parts for Human Motion Recognition},
  booktitle = {CVPR},
  year      = {2013},
  pages     = {2674-2681},
  crossref  = {DBLP:conf/cvpr/2013},
  url       = {http://dx.doi.org/10.1109/CVPR.2013.345},
  doi       = {10.1109/CVPR.2013.345},
  timestamp = {Wed, 15 Apr 2015 14:38:15 +0200},
  biburl    = {http://dblp.uni-trier.de/rec/bib/conf/cvpr/WangQT13},
  bibsource = {dblp computer science bibliography, http://dblp.org}
}

@inproceedings{WangQT13b,
  author    = {Limin Wang and
               Yu Qiao and
               Xiaoou Tang},
  title     = {Mining Motion Atoms and Phrases for Complex Action Recognition},
  booktitle = {ICCV},
  year      = {2013},
  pages     = {2680-2687},
  ee        = {http://dx.doi.org/10.1109/ICCV.2013.333},
  crossref  = {DBLP:conf/iccv/2013},
  bibsource = {DBLP, http://dblp.uni-trier.de}
}

@article{WangQT14a,
  author    = {Limin Wang and
               Yu Qiao and
               Xiaoou Tang},
  title     = {Latent Hierarchical Model of Temporal Structure for Complex
               Activity Classification},
  journal   = {IEEE Transactions on Image Processing},
  volume    = {23},
  number    = {2},
  year      = {2014},
  pages     = {810-822},
  ee        = {http://dx.doi.org/10.1109/TIP.2013.2295753},
  bibsource = {DBLP, http://dblp.uni-trier.de}
}

@inproceedings{WangQT14b,
  author    = {Limin Wang and
               Yu Qiao and
               Xiaoou Tang},
  title     = {Video Action Detection with Relational Dynamic-Poselets},
  booktitle = {ECCV},
  pages     = {565--580},
  year      = {2014},
}

@inproceedings{WangQT15a,
  author    = {Limin Wang and
               Yu Qiao and
               Xiaoou Tang},
  title     = {Action Recognition with Trajectory-Pooled Deep-Convolutional Descriptors},
  booktitle = {CVPR},
  pages     = {4305-4314},
  year      = {2015},
}


@inproceedings{Lan15,
  author    = {Zhengzhong Lan and
               Ming Lin and
               Xuanchong Li and
               Alexander G. Hauptmann and
               Bhiksha Raj},
  title     = {Beyond Gaussian Pyramid: Multi-skip Feature Stacking for Action Recognition},
  booktitle = {CVPR},
  pages     = {204-212},
  year      = {2015},
}

@inproceedings{Ng15,
  author    = {Joe Yue-Hei Ng and
               Matthew Hausknecht and
               Sudheendra Vijayanarasimhan and
               Oriol Vinyals and
               Rajat Monga and
               George Toderici},
  title     = {Beyond Short Snippets: Deep Networks for Video Classification},
  booktitle = {CVPR},
  pages     = {4694-4702},
  year      = {2015},
}

@inproceedings{SimonyanZ14,
  author    = {Karen Simonyan and
               Andrew Zisserman},
  title     = {Two-Stream Convolutional Networks for Action Recognition in Videos},
  booktitle = {NIPS},
  pages     = {568--576},
  year      = {2014},
}

@article{SzegedyLJSRAEVR14,
  author    = {Christian Szegedy and
               Wei Liu and
               Yangqing Jia and
               Pierre Sermanet and
               Scott Reed and
               Dragomir Anguelov and
               Dumitru Erhan and
               Vincent Vanhoucke and
               Andrew Rabinovich},
  title     = {Going Deeper with Convolutions},
  journal   = {CoRR},
  year      = {2014},
  volume    = {abs/1409.4842},
  url       = {http://arxiv.org/abs/1409.4842},
  timestamp = {Sun, 09 Nov 2014 15:13:07 +0100},
  biburl    = {http://dblp.uni-trier.de/rec/bib/journals/corr/SzegedyLJSRAEVR14},
  bibsource = {dblp computer science bibliography, http://dblp.org}
}

@article{SimonyanZ14a,
  author    = {Karen Simonyan and
               Andrew Zisserman},
  title     = {Very Deep Convolutional Networks for Large-Scale Image Recognition},
  journal   = {CoRR},
  year      = {2014},
  volume    = {abs/1409.1556},
  url       = {http://arxiv.org/abs/1409.1556},
  timestamp = {Sun, 09 Nov 2014 15:14:47 +0100},
  biburl    = {http://dblp.uni-trier.de/rec/bib/journals/corr/SimonyanZ14a},
  bibsource = {dblp computer science bibliography, http://dblp.org}
}

@inproceedings{WangS13a,
  author    = {Heng Wang and
               Cordelia Schmid},
  title     = {Action Recognition with Improved Trajectories},
  booktitle = {ICCV},
  year      = {2013},
  pages     = {3551-3558},
  ee        = {http://dx.doi.org/10.1109/ICCV.2013.441},
  crossref  = {DBLP:conf/iccv/2013},
  bibsource = {DBLP, http://dblp.uni-trier.de}
}

@TECHREPORT{WuZYX14,
  author    = {Zhirong Wu and
                Yinda Zhang and
                Fisher Yu and
                Jianxiong Xiao},
  title     = {A {GPU} Implentation of GoogLeNet},
  pages     = {1-2},
  year      = {2014},
}

@inproceedings{WangQDQ14a,
  author    = {Limin Wang and
               Zhe Wang and
               Wenbin Du and
               Yu Qiao},
  title     = {Object-Scene Convolutional Neural Networks for Event Recognition in Images},
  booktitle = {CVPR, ChaLearn Looking at People Workshop},
  year      = {2015},
  pages     = {30-35},
}

@misc{THUMOS15,
   author = "Gorban, A. and Idrees, H. and Jiang, Y.-G. and  Roshan Zamir, A. and Laptev,
   I. and Shah, M. and Sukthankar, R.",
   title = "{THUMOS} Challenge: Action Recognition with a Large Number of Classes",
   howpublished = "\url{http://www.thumos.info/}",
   Year = {2015}
}

@inproceedings{ZeilerF14,
  author    = {Matthew D. Zeiler and
               Rob Fergus},
  title     = {Visualizing and Understanding Convolutional Networks},
  booktitle = {ECCV},
  pages     = {818--833},
  year      = {2014},
}

@article{SanchezPMV13,
  author    = {Jorge S{\'a}nchez and
               Florent Perronnin and
               Thomas Mensink and
               Jakob J. Verbeek},
  title     = {Image Classification with the Fisher Vector: Theory and
               Practice},
  journal   = {International Journal of Computer Vision},
  volume    = {105},
  number    = {3},
  year      = {2013},
  pages     = {222-245},
  ee        = {http://dx.doi.org/10.1007/s11263-013-0636-x},
  bibsource = {DBLP, http://dblp.uni-trier.de}
}

@inproceedings{DengDSLL009,
  author    = {Jia Deng and
               Wei Dong and
               Richard Socher and
               Li{-}Jia Li and
               Kai Li and
               Fei{-}Fei Li},
  title     = {{ImageNet}: {A} large-scale hierarchical image database},
  booktitle = {CVPR},
  year      = {2009},
  pages     = {248--255},
  crossref  = {DBLP:conf/cvpr/2009},
  url       = {http://dx.doi.org/10.1109/CVPRW.2009.5206848},
  doi       = {10.1109/CVPRW.2009.5206848},
  timestamp = {Mon, 10 Nov 2014 14:43:57 +0100},
  biburl    = {http://dblp.uni-trier.de/rec/bib/conf/cvpr/DengDSLL009},
  bibsource = {dblp computer science bibliography, http://dblp.org}
}

@misc{THUMOS13,
   author = "Jiang, Y.-G. and Liu, J. and Roshan Zamir, A. and Laptev,
   I. and Piccardi, M. and Shah, M. and Sukthankar, R.",
   title = "{THUMOS} Challenge: Action Recognition with a Large
   Number of Classes",
   Year = {2013}
}

@inproceedings{ZachPB07,
  author    = {Christopher Zach and
               Thomas Pock and
               Horst Bischof},
  title     = {A Duality Based Approach for Realtime TV-{$L^1$}
               Optical Flow},
  booktitle = {29th {DAGM} Symposium on Pattern Recognition},
  year      = {2007},
}

@article{Soomro12,
  author    = {Khurram Soomro and
               Amir Roshan Zamir and
               Mubarak Shah},
  title     = {{UCF101}: A Dataset of 101 Human Actions Classes From Videos
               in The Wild},
  journal   = {CoRR},
  volume    = {abs/1212.0402},
  year      = {2012},
  ee        = {http://arxiv.org/abs/1212.0402},
  bibsource = {DBLP, http://dblp.uni-trier.de}
}

@inproceedings{KrizhevskySH12,
  author    = {Alex Krizhevsky and
               Ilya Sutskever and
               Geoffrey E. Hinton},
  title     = {{ImageNet} Classification with Deep Convolutional Neural Networks},
  booktitle = {NIPS},
  pages     = {1106--1114},
  year      = {2012},
}

@inproceedings{WangWXQ15,
  author    = {Limin Wang and
               Zhe Wang and
               Yuanjun Xiong and
               Yu Qiao},
  title     = {{CUHK\&SIAT} Submission for THUMOS15 Action Recognition Challenge},
  booktitle = {{THUMOS'15 Action Recognition Challenge}},
  year      = {2015},
}

@article{PengWWQ14,
  author    = {Xiaojiang Peng and
               Limin Wang and
               Xingxing Wang and
               Yu Qiao},
  title     = {Bag of Visual Words and Fusion Methods for Action Recognition: Comprehensive
               Study and Good Practice},
  journal   = {CoRR},
  volume    = {abs/1405.4506},
  year      = {2014},
}

@inproceedings{KarpathyTSLSF14,
  author    = {Andrej Karpathy and
               George Toderici and
               Sanketh Shetty and
               Thomas Leung and
               Rahul Sukthankar and
               Li Fei{-}Fei},
  title     = {Large-Scale Video Classification with Convolutional Neural Networks},
  booktitle = {CVPR},
  pages     = {1725--1732},
  year      = {2014},
}

@article{HeArxiv2015,
	author    = {Kaiming He and
	Xiangyu Zhang and
	Shaoqing Ren and
	Jian Sun},
	title     = {Delving Deep into Rectifiers: Surpassing Human-Level Performance on
	ImageNet Classification},
	journal   = {CoRR},
	volume    = {abs/1502.01852},
	year      = {2015},
	url       = {http://arxiv.org/abs/1502.01852},
	timestamp = {Mon, 02 Mar 2015 14:17:34 +0100},
	biburl    = {http://dblp.uni-trier.de/rec/bib/journals/corr/HeZR015},
	bibsource = {dblp computer science bibliography, http://dblp.org}
}